\%% This BibTeX bibliography file was created using BibDesk.
%% http://bibdesk.sourceforge.net/

%% Saved with string encoding Unicode (UTF-8) 

@article{thiesen2008interdisciplinaridade,
  title={A interdisciplinaridade como um movimento articulador no processo ensino-aprendizagem},
  author={Thiesen, Juares da Silva},
  journal={Revista brasileira de educa{\c{c}}{\~a}o},
  volume={13},
  pages={545--554},
  year={2008},
  publisher={SciELO Brasil}
}

@book{gil2002elaborar,
  title={Como elaborar projetos de pesquisa},
  author={Gil, Antonio Carlos},
  volume={4},
  year={2002},
  publisher={Atlas S{\~a}o Paulo}
}

@book{carlosHenrique2010Metodologia,
  title={Metodologia de Pesquisa: Um guia prático},
  author={Medeiros, Carlos Henrique and Kauark, Fabiana da Silva and Manhães, Feranada Castro},
  volume={1},
  year={2010},
  publisher={Via Litterarum, Itabuna - BA}
}

@book{lugerIA_2004,
    author = {George F. Lugger},
    title = {Inteligência Artificial: Pincípios e Práticas},
    publisher = {Editora Bookmark},
    year = {2004}
}

@book {Wolf2019,
    title={O cérebro no mundo digital},
    author={Maryanne Wolf},
    year={2019},
    publisher={Contexto, São Paulo}

}

@article{fernandes2024autoria,
  title={A autoria em textos produzidos por intelig{\^e}ncia artificial e por alunos em uma perspectiva discursiva},
  author={Fernandes, Carolina},
  journal={Revista da ABRALIN},
  pages={214--235},
  year={2024}
}

@book{haykin1999neural,
  title={Neural Networks: A Comprehensive Foundation},
  author={Haykin, Simon},
  year={1999},
  edition={2nd},
  publisher={Prentice Hall},
  address={New York}
}

@book{silva2016redes,
  title={Redes Neurais Artificiais para Engenharia e Ciências Aplicadas},
  author={Silva, Ivan Nunes da and Spatti, Danilo Hernane Alves and Flauzino, Rog{\'e}rio Ara{\'u}jo},
  year={2016},
  publisher={Artliber},
  address={São Paulo}
}

@article{hessel2023criatividade,
  title={Criatividade da Intelig{\^e}ncia Artificial Generativa},
  author={Hessel, Ana Maria Di Grado and de Oliveira Lemes, David},
  journal={TECCOGS: Revista Digital de Tecnologias Cognitivas},
  number={28},
  pages={119--130},
  year={2023}
}

@article{vaswani2017attention,
  title={Attention is all you need},
  author={Vaswani, A},
  journal={Advances in Neural Information Processing Systems},
  year={2017}
}

@article{bispo2018teoria,
  title={A teoria da computação de Alan Turing},
  author={Bispo, Danilo Gustavo and others},
  year={2018},
  publisher={Pontif{\'\i}cia Universidade Cat{\'o}lica de S{\~a}o Paulo}
}

@book{sipser2007,
    author    = {Michael Sipser},
    title     = {Introdução à Teoria da Computação},
    year      = {2007},
    publisher = {Cengage Learning},
    address   = {São Paulo},
    isbn      = {9788522105591},
    note      = {Traduzido por Márcio Luiz Martins Alves},
}

@book{kauark2010metodologia,
  author    = {Fabiana da Silva Kauark and Fernanda Castro Manhães and Carlos Henrique Medeiros},
  title     = {Metodologia de Pesquisa: Um guia prático},
  year      = {2010},
  publisher = {Via Litterarum},
  address   = {Itabuna},
  edition   = {1},
}

@article{ferreira2010bibliometria,
  title={Bibliometria na avalia{\c{c}}{\~a}o de peri{\'o}dicos cient{\'\i}ficos},
  author={Ferreira, Ana Gabriela Clipes},
  journal={DataGramaZero-Revista de Ci{\^e}ncia da Informa{\c{c}}{\~a}o},
  volume={11},
  number={3},
  pages={1--9},
  year={2010}
}

@book{gracio2020topicos,
  title={T{\'o}picos da bibliometria para bibliotecas universit{\'a}rias},
  author={Gr{\'a}cio, Maria Cl{\'a}udia Cabrini and Mart{\'\i}nez-{\'A}vila, Daniel and Oliveira, Ely Francina Tannuri de and Rosas, F{\'a}bio Sampaio},
  year={2020},
  publisher={Editora UNESP}
}

@article{vanti2002bibliometria,
  title={Da bibliometria {\`a} webometria: uma explora{\c{c}}{\~a}o conceitual dos mecanismos utilizados para medir o registro da informa{\c{c}}{\~a}o e a difus{\~a}o do conhecimento},
  author={Vanti, Nadia Aurora Peres},
  journal={Ci{\^e}ncia da informa{\c{c}}{\~a}o},
  volume={31},
  pages={369--379},
  year={2002},
  publisher={SciELO Brasil}
}

@article{melo2017bibliometria,
  title={Bibliometria: quinze anos de an{\'a}lise da produ{\c{c}}{\~a}o acad{\^e}mica em peri{\'o}dicos brasileiros},
  author={Melo Ribeiro, Henrique C{\'e}sar},
  journal={Biblios},
  number={69},
  pages={1--20},
  year={2017},
  publisher={Los autores}
}

@book{gracio2020analises,
  title={An{\'a}lises relacionais de cita{\c{c}}{\~a}o para a identifica{\c{c}}{\~a}o de dom{\'\i}nios cient{\'\i}ficos: uma aplica{\c{c}}{\~a}o no campo dos Estudos M{\'e}tricos da Informa{\c{c}}{\~a}o no Brasil},
  author={Gr{\'a}cio, Maria Cl{\'a}udia Cabrini},
  year={2020},
  publisher={Editora UNESP}
}

@inproceedings{lousada2012produccao,
  title={Produ{\c{c}}{\~a}o cient{\'\i}fica sobre gest{\~a}o do conhecimento e gest{\~a}o da informa{\c{c}}{\~a}o no {\^a}mbito da ci{\^e}ncia da informa{\c{c}}{\~a}o: uma aplica{\c{c}}{\~a}o da Lei de Bradford},
  author={Lousada, Mariana and Garcia, Cristiane Luiza Salazar and Woida, Luana Maia and Dal’Evedove, Paula and Garcia, Regis and Valentim, Marta L{\'\i}gia Pomim},
  booktitle={Anales de documentaci{\'o}n},
  volume={15},
  number={2},
  year={2012},
  organization={Facultad de Comunicaci{\'o}n y Documentaci{\'o}n y Servicio de Publicaciones de la~…}
}

@article{melo2017bibliometria,
  title={Bibliometria: quinze anos de an{\'a}lise da produ{\c{c}}{\~a}o acad{\^e}mica em peri{\'o}dicos brasileiros},
  author={Melo Ribeiro, Henrique C{\'e}sar},
  journal={Biblios},
  number={69},
  pages={1--20},
  year={2017},
  publisher={Los autores}
}

@article{guedes2005bibliometria,
  title={Bibliometria: uma ferramenta estat{\'\i}stica para a gest{\~a}o da informa{\c{c}}{\~a}o e do conhecimento, em sistemas de informa{\c{c}}{\~a}o, de comunica{\c{c}}{\~a}o e de avalia{\c{c}}{\~a}o cient{\'\i}fica e tecnol{\'o}gica},
  author={Guedes, V{\^a}nia LS and Borschiver, Suzana},
  journal={Encontro nacional de ci{\^e}ncia da informa{\c{c}}{\~a}o},
  volume={6},
  number={1},
  pages={18},
  year={2005}
}

@article{zupic2015bibliometric,
  title={Bibliometric methods in management and organization},
  author={Zupic, Ivan and {\v{C}}ater, Toma{\v{z}}},
  journal={Organizational research methods},
  volume={18},
  number={3},
  pages={429--472},
  year={2015},
  publisher={Sage Publications Sage CA: Los Angeles, CA}
}